@article{en3,
   author = {Carlson, Curtis and Burtraw, Dallas and Cropper, Maureen and Palmer, Karen L},
   title = {Sulfur dioxide control by electric utilities: What are the gains from trade?},
   journal = {Journal of political Economy},
   volume = {108},
   number = {6},
   pages = {1292-1326},
   ISSN = {0022-3808},
   year = {2000},
   type = {Journal Article}
}

@article{en2,
   author = {Carlstrom, Charles T and Fuerst, Timothy S},
   title = {Agency costs, net worth, and business fluctuations: A computable general equilibrium analysis},
   journal = {The American Economic Review},
   pages = {893-910},
   ISSN = {0002-8282},
   year = {1997},
   type = {Journal Article}
}

@article{en1,
   author = {Quadrini, Vincenzo},
   title = {Financial frictions in macroeconomic fluctuations},
   journal = {FRB Richmond Economic Quarterly},
   volume = {97},
   number = {3},
   pages = {209-254},
   year = {2011},
   type = {Journal Article}
}

@article{cn1,
   author = {方军雄},
   title = {所有制、制度环境与信贷资金配置},
   journal = {经济研究},
   number = {12},
   pages = {82-92},
   ISSN = {0577-9154},
   year = {2007},
   type = {Journal Article}
}

@article{cn2,
   author = {刘凤良 and 章潇萌 and 于泽},
   title = {高投资、结构失衡与价格指数二元分化},
   journal = {金融研究},
   number = {02},
   pages = {54-69},
   ISSN = {1002-7246},
   year = {2017},
   type = {Journal Article}
}

@article{cn3,
   author = {吕捷 and 王高望},
   title = {CPI与PPI“背离”的结构性解释},
   journal = {经济研究},
   volume = {50},
   number = {04},
   pages = {136-149},
   ISSN = {0577-9154},
   year = {2015},
   type = {Journal Article}
}

